@book{Kleinknecht:1984jt,
      author         = "Kleinknecht, K.",
      title          = "{DETECTORS FOR PARTICLE RADIATION. (IN GERMAN)}",
      url            = "http://www.cambridge.org/uk/catalogue/catalogue.asp?isbn=0521304245",
      journal        = "Stuttgart, Germany: Teubner (1984) 216 p",
      year           = "1984",
      SLACcitation   = "%%CITATION = INSPIRE-204267;%%"
}
@book{Grupen:PD,
      author         = "Grupen, C.",
      title          = "{Particle Detectors}",
      url            = "http://www.cambridge.org/uk/catalogue/catalogue.asp?isbn=0521304245",
      journal        = "Stuttgart, Germany: Teubner (1984) 216 p",
      year           = "1996",
      SLACcitation   = "%%CITATION = INSPIRE-204267;%%"
}
@MastersThesis{ref:stoever,
      author         = "M. Stoever",
      title          = "{Messung des ttbar-Wirkungsquerschnitts bei hohen invarianten Massen am LHC}",
    	  school         = {University of Hamburg},
      address        = {Germany},
      year           = {2014},
}
@article{LHC,
      author         = "Evans, Lyndon and Bryant, Philip",
      editor         = "Evans, Lyndon",
      title          = "{LHC Machine}",
      journal        = "JINST",
      volume         = "3",
      pages          = "S08001",
      doi            = "10.1088/1748-0221/3/08/S08001",
      year           = "2008",
      SLACcitation   = "%%CITATION = JINST,3,S08001;%%",
}


@unpublished{cernkomplex,
      author        = "Christiane Lefèvre",
      title         = "{The CERN accelerator complex. Complexe des
                       accélérateurs du CERN}",
      month         = "Dec",
      year          = "2008",
      note          = "http://cdsweb.cern.ch/record/1260465",
}
@unpublished{duoplasma,
      title         = "{The CERN Hadron Ion Sources}",
      month         = "Januar",
      year          = "2014",
      note          = "http://linac2.home.cern.ch/linac2/sources/source.htm",
}


@article{atlas,
      author         = "Aad, G. and others",
      title          = "{The ATLAS Experiment at the CERN Large Hadron Collider}",
      collaboration  = "ATLAS Collaboration",
      journal        = "JINST",
      volume         = "3",
      pages          = "S08003",
      doi            = "10.1088/1748-0221/3/08/S08003",
      year           = "2008",
      SLACcitation   = "%%CITATION = JINST,3,S08003;%%",
}

@article{alice,
      author         = "Aamodt, K. and others",
      title          = "{The ALICE experiment at the CERN LHC}",
      collaboration  = "ALICE Collaboration",
      journal        = "JINST",
      volume         = "3",
      pages          = "S08002",
      doi            = "10.1088/1748-0221/3/08/S08002",
      year           = "2008",
      SLACcitation   = "%%CITATION = JINST,3,S08002;%%",
}

@article{Sirunyan:2270046,
      author        = "CMS Collaboration",
      title         = "{Particle-flow reconstruction and global event description
                       with the CMS detector. Particle-flow reconstruction and
                       global event description with the CMS detector}",
      journal       = "JINST",
      collaboration = "CMS Collaboration",
      number        = "CMS-PRF-14-001. CMS-PRF-14-001-004. 10",
      volume        = "12",
      pages         = "P10003. 82 p",
      month         = "Jun",
      year          = "2017",
      reportNumber  = "CMS-PRF-14-001",
      url           = "https://cds.cern.ch/record/2270046",
      note          = "Replaced with the published version. Added the journal
                       reference and DOI. All the figures and tables can be found
                       at
                       http://cms-results.web.cern.ch/cms-results/public-results/publications/PRF-14-001
                       (CMS Public Pages)",
}

@article{Khachatryan:2016kdb,
      author         = "CMS Collaboration",
      title          = "{Jet energy scale and resolution in the CMS experiment in
                        pp collisions at 8 TeV}",
      collaboration  = "CMS",
      journal        = "JINST",
      volume         = "12",
      year           = "2017",
      number         = "02",
      pages          = "P02014",
      doi            = "10.1088/1748-0221/12/02/P02014",
      eprint         = "1607.03663",
      archivePrefix  = "arXiv",
      primaryClass   = "hep-ex",
      reportNumber   = "CMS-JME-13-004, CERN-PH-EP-2015-305",
      SLACcitation   = "%%CITATION = ARXIV:1607.03663;%%"
}



@article{lhcb,
      author         = "Alves, A. Augusto, Jr. and others",
      title          = "{The LHCb Detector at the LHC}",
      collaboration  = "LHCb Collaboration",
      journal        = "JINST",
      volume         = "3",
      pages          = "S08005",
      doi            = "10.1088/1748-0221/3/08/S08005",
      year           = "2008",
      SLACcitation   = "%%CITATION = JINST,3,S08005;%%",
}

@unpublished{lhclumi,
      author        = "CMS Collaboration",
      title         = "{CMS Luminosity - Public Results}",
      month         = "Januar",
      year          = "2014",
      note          = "https://twiki.cern.ch/twiki/bin/view/CMSPublic/LumiPublicResults",
}

@article{pdg,
      author        = "Particle Data Group Collaboration",
      title         = "{Review of Particle Physics, 2012-2013. Review of Particle
                       Properties}",
      journal       = "Phys. Rev. D",
      collaboration = "Particle Data Group. Berkeley",
      number        = "1",
      volume        = "86",
      pages         = "010001",
      year          = "2012",
}

@book{Griffiths,
      author        = "Griffiths, David J",
      title         = "{Introduction to Elementary Particles}",
      publisher     = "Wiley",
      address       = "New York, NY",
      series        = "TextBook Physics",
      year          = "1987",
}

@book{Berger,
      author        = "Berger, C",
      title         = "{Elementarteilchenphysik: von den Grundlagen zu den
                       modernen Experimenten; 2. Auflage}",
      publisher     = "Springer",
      address       = "Berlin",
      year          = "2005",
}

@article{Higgsmechanismus,
      author         = "Higgs, Peter W.",
      title          = "{Broken symmetries, massless particles and gauge fields}",
      journal        = "Phys.Lett.",
      volume         = "12",
      pages          = "132-133",
      doi            = "10.1016/0031-9163(64)91136-9",
      year           = "1964",
      SLACcitation   = "%%CITATION = PHLTA,12,132;%%",
}

@article{Englert,
      author         = "Englert, F. and Brout, R.",
      title          = "{Broken Symmetry and the Mass of Gauge Vector Mesons}",
      journal        = "Phys.Rev.Lett.",
      volume         = "13",
      pages          = "321-323",
      doi            = "10.1103/PhysRevLett.13.321",
      year           = "1964",
      SLACcitation   = "%%CITATION = PRLTA,13,321;%%",
}

@article{Guralnik,
      author         = "Guralnik, G.S. and Hagen, C.R. and Kibble, T.W.B.",
      title          = "{Global Conservation Laws and Massless Particles}",
      journal        = "Phys.Rev.Lett.",
      volume         = "13",
      pages          = "585-587",
      doi            = "10.1103/PhysRevLett.13.585",
      year           = "1964",
      SLACcitation   = "%%CITATION = PRLTA,13,585;%%",
}

@article{Atlashiggs,
      author         = "ATLAS Collaboration",
      title          = "{Observation of a new particle in the search for the
                        Standard Model Higgs boson with the ATLAS detector at the
                        LHC}",
      collaboration  = "ATLAS Collaboration",
      journal        = "Phys.Lett.",
      volume         = "B716",
      pages          = "1-29",
      doi            = "10.1016/j.physletb.2012.08.020",
      year           = "2012",
      eprint         = "1207.7214",
      archivePrefix  = "arXiv",
      primaryClass   = "hep-ex",
      reportNumber   = "CERN-PH-EP-2012-218",
      SLACcitation   = "%%CITATION = ARXIV:1207.7214;%%",
}

@article{Cmshiggs,
      author         = "CMS Collaboration",
      title          = "{Observation of a new boson at a mass of 125 GeV with the
                        CMS experiment at the LHC}",
      collaboration  = "CMS Collaboration",
      journal        = "Phys.Lett.",
      volume         = "B716",
      pages          = "30-61",
      doi            = "10.1016/j.physletb.2012.08.021",
      year           = "2012",
      eprint         = "1207.7235",
      archivePrefix  = "arXiv",
      primaryClass   = "hep-ex",
      reportNumber   = "CMS-HIG-12-028, CERN-PH-EP-2012-220",
      SLACcitation   = "%%CITATION = ARXIV:1207.7235;%%",
}

@article{cdftopquark,
      author         = "CDF Collaboration",
      title          = "{Observation of top quark production in $\bar{p}p$
                        collisions}",
      collaboration  = "CDF Collaboration",
      journal        = "Phys.Rev.Lett.",
      volume         = "74",
      pages          = "2626-2631",
      doi            = "10.1103/PhysRevLett.74.2626",
      year           = "1995",
      eprint         = "hep-ex/9503002",
      archivePrefix  = "arXiv",
      primaryClass   = "hep-ex",
      reportNumber   = "FERMILAB-PUB-95-022-E, CDF-PUB-TOP-PUBLIC-3040,
                        ANL-HEP-PR-95-44",
      SLACcitation   = "%%CITATION = HEP-EX/9503002;%%",
}

@article{d0topquark,
      author         = "D0 Collaboration",
      title          = "{Observation of the top quark}",
      collaboration  = "D0 Collaboration",
      journal        = "Phys.Rev.Lett.",
      volume         = "74",
      pages          = "2632-2637",
      doi            = "10.1103/PhysRevLett.74.2632",
      year           = "1995",
      eprint         = "hep-ex/9503003",
      archivePrefix  = "arXiv",
      primaryClass   = "hep-ex",
      reportNumber   = "FERMILAB-PUB-95-028-E",
      SLACcitation   = "%%CITATION = HEP-EX/9503003;%%",
}

@article{ATLAS:2014wva,
      key            = "1286320",
      title          = "{First combination of Tevatron and LHC measurements of
                        the top-quark mass}",
      collaboration  = "ATLAS Collaboration, CDF Collaboration, CMS
                        Collaboration, D0 Collaboration",
      year           = "2014",
      eprint         = "1403.4427",
      archivePrefix  = "arXiv",
      primaryClass   = "hep-ex",
      reportNumber   = "ATLAS-CONF-2014-008, CDF-NOTE-11071, CMS-PAS-TOP-13-014,
                        D0-NOTE-6416",
      SLACcitation   = "%%CITATION = ARXIV:1403.4427;%%",
}



@article{combinedhera,
      author         = "H1 and Zeus Collaboration",
      title          = "{PDF fits including HERA-II high $Q^{2}$ data (HERAPDF1.5)}",
      collaboration  = "H1 and Zeus Collaboration",
      journal        = "H1prelim-10-142, ZEUS-prel-10-018",
      eprint         = "hep-ex/9503003",
}

@article{Bernreuther,
      author         = "Bernreuther, Werner",
      title          = "{Top quark physics at the LHC}",
      journal        = "J.Phys.",
      volume         = "G35",
      pages          = "083001",
      doi            = "10.1088/0954-3899/35/8/083001",
      year           = "2008",
      eprint         = "0805.1333",
      archivePrefix  = "arXiv",
      primaryClass   = "hep-ph",
      reportNumber   = "PITHA-08-09",
      SLACcitation   = "%%CITATION = ARXIV:0805.1333;%%",
}

@article{Schilling,
      author         = "Schilling, Frank-Peter",
      title          = "{Top Quark Physics at the LHC: A Review of the First Two
                        Years}",
      journal        = "Int.J.Mod.Phys.",
      volume         = "A27",
      pages          = "1230016",
      doi            = "10.1142/S0217751X12300165",
      year           = "2012",
      eprint         = "1206.4484",
      archivePrefix  = "arXiv",
      primaryClass   = "hep-ex",
      SLACcitation   = "%%CITATION = ARXIV:1206.4484;%%",
}

@article{CMS-PAS-TOP-12-007,
      title         = "{Top pair cross section in dileptons}",
      institution   = "CERN",
      collaboration = "CMS Collaboration",
      address       = "Geneva",
      journal        = "CMS-PAS-TOP-12-007",
      year          = "2012",
}

@MISC{prodcrosssectionatlascms,
	  note  			 = "\url{https://twiki.cern.ch/twiki/bin/view/CMSPublic/PhysicsResultsTOPSummaryPlots}",
}


@article{Aaron:2009aa,
      author         = "H1 and ZEUS Collaboration",
      title          = "{Combined Measurement and QCD Analysis of the Inclusive
                        ep Scattering Cross Sections at HERA}",
      collaboration  = "H1 and ZEUS Collaboration",
      journal        = "JHEP",
      volume         = "1001",
      pages          = "109",
      doi            = "10.1007/JHEP01(2010)109",
      year           = "2010",
      eprint         = "0911.0884",
      archivePrefix  = "arXiv",
      primaryClass   = "hep-ex",
      reportNumber   = "DESY-09-158",
      SLACcitation   = "%%CITATION = ARXIV:0911.0884;%%",
}

@article{Arneodo:1996qe,
      author         = "New Muon Collaboration: Arneodo, M. and others",
      title          = "{Measurement of the proton and deuteron structure
                        functions, F2(p) and F2(d), and of the ratio sigma-L /
                        sigma-T}",
      collaboration  = "New Muon Collaboration",
      journal        = "Nucl.Phys.",
      volume         = "B483",
      pages          = "3-43",
      doi            = "10.1016/S0550-3213(96)00538-X",
      year           = "1997",
      eprint         = "hep-ph/9610231",
      archivePrefix  = "arXiv",
      primaryClass   = "hep-ph",
      SLACcitation   = "%%CITATION = HEP-PH/9610231;%%",
}

@article{Tzanov:2005kr,
      author         = "NuTeV Collaboration: Tzanov, M. and others",
      title          = "{Precise measurement of neutrino and anti-neutrino
                        differential cross sections}",
      collaboration  = "NuTeV Collaboration",
      journal        = "Phys.Rev.",
      volume         = "D74",
      pages          = "012008",
      doi            = "10.1103/PhysRevD.74.012008",
      year           = "2006",
      eprint         = "hep-ex/0509010",
      archivePrefix  = "arXiv",
      primaryClass   = "hep-ex",
      reportNumber   = "FERMILAB-PUB-05-453-E",
      SLACcitation   = "%%CITATION = HEP-EX/0509010;%%",
}

@article{Kidonakis:1449411,
      author         = "Kidonakis, Nikolaos",
      title          = "{Differential and total cross sections for top pair and
                        single top production}",
      pages          = "831-834",
      doi            = "10.3204/DESY-PROC-2012-02/251",
      year           = "2012",
      eprint         = "1205.3453",
      archivePrefix  = "arXiv",
      primaryClass   = "hep-ph",
      SLACcitation   = "%%CITATION = ARXIV:1205.3453;%%",
}

@article{Czakon:2013goa,
      author         = "Czakon, Michal and Fiedler, Paul and Mitov, Alexander",
      title          = "{The total top quark pair production cross-section at
                        hadron colliders through O($\alpha_{S}^{4}$)}",
      journal        = "Phys.Rev.Lett.",
      volume         = "110",
      pages          = "252004",
      doi            = "10.1103/PhysRevLett.110.252004",
      year           = "2013",
      eprint         = "1303.6254",
      archivePrefix  = "arXiv",
      primaryClass   = "hep-ph",
      reportNumber   = "CERN-PH-TH-2013-056, TTK-13-08",
      SLACcitation   = "%%CITATION = ARXIV:1303.6254;%%",
}

@article{Cacciari:2011hy,
      author         = "Cacciari, Matteo and Czakon, Michal and Mangano,
                        Michelangelo and Mitov, Alexander and Nason, Paolo",
      title          = "{Top-pair production at hadron colliders with
                        next-to-next-to-leading logarithmic soft-gluon
                        resummation}",
      journal        = "Phys.Lett.",
      volume         = "B710",
      pages          = "612-622",
      doi            = "10.1016/j.physletb.2012.03.013",
      year           = "2012",
      eprint         = "1111.5869",
      archivePrefix  = "arXiv",
      primaryClass   = "hep-ph",
      reportNumber   = "CERN-PH-TH-2011-277, TTK-11-54",
      SLACcitation   = "%%CITATION = ARXIV:1111.5869;%%",
}

@article{Baernreuther:2012ws,
      author         = "Bärnreuther, Peter and Czakon, Michal and Mitov,
                        Alexander",
      title          = "{Percent Level Precision Physics at the Tevatron: First
                        Genuine NNLO QCD Corrections to $q \bar{q} \to t \bar{t} +
                        X$}",
      journal        = "Phys.Rev.Lett.",
      volume         = "109",
      pages          = "132001",
      doi            = "10.1103/PhysRevLett.109.132001",
      year           = "2012",
      eprint         = "1204.5201",
      archivePrefix  = "arXiv",
      primaryClass   = "hep-ph",
      reportNumber   = "CERN-PH-TH-2012-092",
      SLACcitation   = "%%CITATION = ARXIV:1204.5201;%%",
}

@article{Czakon:2012pz,
      author         = "Czakon, Michal and Mitov, Alexander",
      title          = "{NNLO corrections to top pair production at hadron
                        colliders: the quark-gluon reaction}",
      journal        = "JHEP",
      volume         = "1301",
      pages          = "080",
      doi            = "10.1007/JHEP01(2013)080",
      year           = "2013",
      eprint         = "1210.6832",
      archivePrefix  = "arXiv",
      primaryClass   = "hep-ph",
      reportNumber   = "CERN-PH-TH-2012-286",
      SLACcitation   = "%%CITATION = ARXIV:1210.6832;%%",
}

@article{Lancaster:2011wr,
      key            = "920234",
      author         = "CDF and D0 Collaboration",
      title          = "{Combination of CDF and D0 results on the mass of the top
                        quark using up to 5.8~fb-1 of data}",
      collaboration  = "Tevatron Electroweak Working Group, CDF Collaboration, D0
                        Collaboration",
      year           = "2011",
      eprint         = "1107.5255",
      archivePrefix  = "arXiv",
      primaryClass   = "hep-ex",
      reportNumber   = "FERMILAB-TM-2504-E, CDF-NOTE-10549, D0-NOTE-6222",
      SLACcitation   = "%%CITATION = ARXIV:1107.5255;%%",
}


@article{Jezabek:1988iv,
      author         = "Jezabek, M. and Kuhn, Johann H.",
      title          = "{QCD Corrections to Semileptonic Decays of Heavy Quarks}",
      journal        = "Nucl.Phys.",
      volume         = "B314",
      pages          = "1",
      doi            = "10.1016/0550-3213(89)90108-9",
      year           = "1989",
      reportNumber   = "MPI-PAE/PTh-16/88",
      SLACcitation   = "%%CITATION = NUPHA,B314,1;%%",
}


@article{Hill:1991at,
      author         = "Hill, Christopher T.",
      title          = "{Topcolor: Top quark condensation in a gauge extension of
                        the standard model}",
      journal        = "Phys.Lett.",
      volume         = "B266",
      pages          = "419-424",
      doi            = "10.1016/0370-2693(91)91061-Y",
      year           = "1991",
      reportNumber   = "FERMILAB-PUB-91-105-T",
      SLACcitation   = "%%CITATION = PHLTA,B266,419;%%",
}

@article{Hill:1994hp,
      author         = "Hill, Christopher T.",
      title          = "{Topcolor assisted technicolor}",
      journal        = "Phys.Lett.",
      volume         = "B345",
      pages          = "483-489",
      doi            = "10.1016/0370-2693(94)01660-5",
      year           = "1995",
      eprint         = "hep-ph/9411426",
      archivePrefix  = "arXiv",
      primaryClass   = "hep-ph",
      reportNumber   = "FERMILAB-PUB-94-395-T",
      SLACcitation   = "%%CITATION = HEP-PH/9411426;%%",
}

@article{Hill:1993hs,
      author         = "Hill, Christopher T. and Parke, Stephen J.",
      title          = "{Top production: Sensitivity to new physics}",
      journal        = "Phys.Rev.",
      volume         = "D49",
      pages          = "4454-4462",
      doi            = "10.1103/PhysRevD.49.4454",
      year           = "1994",
      eprint         = "hep-ph/9312324",
      archivePrefix  = "arXiv",
      primaryClass   = "hep-ph",
      reportNumber   = "FERMILAB-PUB-93-397-T",
      SLACcitation   = "%%CITATION = HEP-PH/9312324;%%",
}

@article{Harris:1999ya,
      author         = "Harris, Robert M. and Hill, Christopher T. and Parke,
                        Stephen J.",
      title          = "{Cross-section for topcolor Z-prime(t) decaying to t
                        anti-t: Version 2.6}",
      year           = "1999",
      eprint         = "hep-ph/9911288",
      archivePrefix  = "arXiv",
      primaryClass   = "hep-ph",
      reportNumber   = "FERMILAB-FN-0687, CDF-ANAL-EXOTIC-PUBLIC-5064",
      SLACcitation   = "%%CITATION = HEP-PH/9911288;%%",
}

@article{Choudhury:2007ux,
      author         = "Choudhury, Debajyoti and Godbole, Rohini M. and Singh,
                        Ritesh K. and Wagh, Kshitij",
      title          = "{Top production at the Tevatron/LHC and nonstandard,
                        strongly interacting spin one particles}",
      journal        = "Phys.Lett.",
      volume         = "B657",
      pages          = "69-76",
      doi            = "10.1016/j.physletb.2007.09.057",
      year           = "2007",
      eprint         = "0705.1499",
      archivePrefix  = "arXiv",
      primaryClass   = "hep-ph",
      reportNumber   = "IISC-CHEP-06-07, LAPTH-1183-2007",
      SLACcitation   = "%%CITATION = ARXIV:0705.1499;%%",
}

@article{Lillie:2007yh,
      author         = "Lillie, Ben and Randall, Lisa and Wang, Lian-Tao",
      title          = "{The Bulk RS KK-gluon at the LHC}",
      journal        = "JHEP",
      volume         = "0709",
      pages          = "074",
      doi            = "10.1088/1126-6708/2007/09/074",
      year           = "2007",
      eprint         = "hep-ph/0701166",
      archivePrefix  = "arXiv",
      primaryClass   = "hep-ph",
      reportNumber   = "ANL-HEP-07-4",
      SLACcitation   = "%%CITATION = HEP-PH/0701166;%%",
}

@book{Aitchison:2007fn,
      author         = "Aitchison, Ian J.R.",
      title          = "{Supersymmetry in Particle Physics. An Elementary
                        Introduction}",
      year           = "2007",
      reportNumber   = "SLAC-R-865",
      SLACcitation   = "%%CITATION = SLAC-R-865 ETC.;%%",
}


@article{Dicus:1994bm,
      author         = "Dicus, D. and Stange, A. and Willenbrock, S.",
      title          = "{Higgs decay to top quarks at hadron colliders}",
      journal        = "Phys.Lett.",
      volume         = "B333",
      pages          = "126-131",
      doi            = "10.1016/0370-2693(94)91017-0",
      year           = "1994",
      eprint         = "hep-ph/9404359",
      archivePrefix  = "arXiv",
      primaryClass   = "hep-ph",
      reportNumber   = "CPP-94-18, BNL-60339, ILL-TH-94-9",
      SLACcitation   = "%%CITATION = HEP-PH/9404359;%%",
}

@article{Aitchison:2005cf,
      author         = "Aitchison, Ian J.R.",
      title          = "{Supersymmetry and the MSSM: An Elementary introduction}",
      year           = "2005",
      eprint         = "hep-ph/0505105",
      archivePrefix  = "arXiv",
      primaryClass   = "hep-ph",
      SLACcitation   = "%%CITATION = HEP-PH/0505105;%%",
}

@article{Abazov:2010js,
      author         = "Abazov, V.M. and others",
      title          = "{Dependence of the $t\bar{t}$ production cross section on
                        the transverse momentum of the top quark}",
      collaboration  = "D0 Collaboration",
      journal        = "Phys.Lett.",
      volume         = "B693",
      pages          = "515-521",
      doi            = "10.1016/j.physletb.2010.09.011",
      year           = "2010",
      eprint         = "1001.1900",
      archivePrefix  = "arXiv",
      primaryClass   = "hep-ex",
      reportNumber   = "FERMILAB-PUB-10-008-E",
      SLACcitation   = "%%CITATION = ARXIV:1001.1900;%%",
}

@article{Affolder:2000dt,
      author         = "Affolder, T. and others",
      title          = "{Measurement of the top quark $p_T$ distribution}",
      collaboration  = "CDF Collaboration",
      journal        = "Phys.Rev.Lett.",
      volume         = "87",
      pages          = "102001",
      doi            = "10.1103/PhysRevLett.87.102001",
      year           = "2001",
      reportNumber   = "FERMILAB-PUB-00-101-E",
      SLACcitation   = "%%CITATION = PRLTA,87,102001;%%",
}

@article{Aaltonen:2009iz,
      author         = "Aaltonen, T. and others",
      title          = "{First Measurement of the t anti-t Differential Cross
                        Section d sigma/dM(t anti-t) in p anti-p Collisions at
                        s**(1/2)=1.96-TeV}",
      collaboration  = "CDF Collaboration",
      journal        = "Phys.Rev.Lett.",
      volume         = "102",
      pages          = "222003",
      doi            = "10.1103/PhysRevLett.102.222003",
      year           = "2009",
      eprint         = "0903.2850",
      archivePrefix  = "arXiv",
      primaryClass   = "hep-ex",
      reportNumber   = "FERMILAB-PUB-09-079-E",
      SLACcitation   = "%%CITATION = ARXIV:0903.2850;%%",
}



@mastersthesis{goerner,
    author = {M. G"orner},
    title = {{Messung von Myonen, Jets und Top-Quarks mit dem CMS-Detektor am LHC}},
    language = {german},
    year = {2010},
    school = {University of Hamburg},
    type = {Diploma Thesis},
    note = {CERN-THESIS-2010-176}
}

@PhdThesis{enderle,
           title = "{Momentum Bias Determination in the Tracker Alignment and First Differential ttbar Cross Section Measurements at CMS}",
          author = "H. Enderle",
          school = "University of Hamburg",
            year = "2012",
            note = {DESY-THESIS-2012-001}
}


@techreport{CMS-PAS-TOP-12-027,
      title         = "{Measurement of differential top-quark pair production
                       cross sections in the lepton+jets channel in pp collisions
                       at 8 TeV}",
      institution   = "CERN",
      collaboration = "CMS Collaboration",
      address       = "Geneva",
      number        = "CMS-PAS-TOP-12-027",
      year          = "2013",
}

@article{Aad:2012hg,
      author         = "Aad, Georges and others",
      title          = "{Measurements of top quark pair relative differential
                        cross-sections with ATLAS in $pp$ collisions at
                        $\sqrt{s}=7$ TeV}",
      collaboration  = "ATLAS Collaboration",
      journal        = "Eur.Phys.J.",
      volume         = "C73",
      pages          = "2261",
      doi            = "10.1140/epjc/s10052-012-2261-1",
      year           = "2013",
      eprint         = "1207.5644",
      archivePrefix  = "arXiv",
      primaryClass   = "hep-ex",
      reportNumber   = "CERN-PH-EP-2012-165",
      SLACcitation   = "%%CITATION = ARXIV:1207.5644;%%",
}






















@book{Bayatian:2006zz,
      author         = "Bayatian, G.L. and others",
      title          = "{CMS physics: Technical design report}",
      collaboration  = "CMS Collaboration",
      year           = "2006",
      reportNumber   = "CERN-LHCC-2006-001, CMS-TDR-008-1",
      SLACcitation   = "%%CITATION = CERN-LHCC-2006-001 ETC.;%%",
}

@article{Chatrchyan:2008aa,
      author         = "Chatrchyan, S. and others",
      title          = "{The CMS experiment at the CERN LHC}",
      collaboration  = "CMS Collaboration",
      journal        = "JINST",
      volume         = "3",
      pages          = "S08004",
      doi            = "10.1088/1748-0221/3/08/S08004",
      year           = "2008",
      SLACcitation   = "%%CITATION = JINST,3,S08004;%%",
}

@book{CMS:2009nxa,
      key            = "925379",
      title          = "{Particle-Flow Event Reconstruction in CMS and
                        Performance for Jets, Taus, and MET}",
      collaboration  = "CMS Collaboration",
      year           = "2009",
      reportNumber   = "CMS-PAS-PFT-09-001",
      SLACcitation   = "%%CITATION = CMS-PAS-PFT-09-001 ETC.;%%",
}

@techreport{CMS-PAS-TRK-10-005,
      title         = "{Tracking and Primary Vertex Results in First 7 TeV
                       Collisions}",
      institution   = "CERN",
      collaboration = "CMS Collaboration",
      address       = "2010. Geneva",
      number        = "CMS-PAS-TRK-10-005",
      year          = "2010",
}


@article{Chatrchyan:2012xi,
      author         = "Chatrchyan, Serguei and others",
      title          = "{Performance of CMS muon reconstruction in $pp$ collision
                        events at $\sqrt{s}=7$ TeV}",
      collaboration  = "CMS Collaboration",
      journal        = "JINST",
      volume         = "7",
      pages          = "P10002",
      doi            = "10.1088/1748-0221/7/10/P10002",
      year           = "2012",
      eprint         = "1206.4071",
      archivePrefix  = "arXiv",
      primaryClass   = "physics.ins-det",
      reportNumber   = "CMS-MUO-10-004, CERN-PH-EP-2012-173",
      SLACcitation   = "%%CITATION = ARXIV:1206.4071;%%",
}

@MISC{myonworkingpoints,
	  note           = "\url{https://twiki.cern.ch/twiki/bin/view/CMSPublic/SWGuideMuonId}",
}



@techreport{CMS-PAS-PFT-10-001,
      title         = "{Commissioning of the Particle-flow Event Reconstruction
                       with the first LHC collisions recorded in the CMS
                       detector}",
      collaboration = "CMS Collaboration",
      address       = "2010",
      number        = "CMS-PAS-PFT-10-001",
}


@techreport{Adam:815410,
      author        = "Adam, Wolfgang and Frühwirth, R and Strandlie, Are and
                       Todor, T",
      title         = "{Reconstruction of Electrons with the Gaussian-Sum Filter
                       in the CMS Tracker at the LHC}",
      institution   = "CERN",
      address       = "Geneva",
      number        = "CMS-NOTE-2005-001",
      month         = "Jan",
      year          = "2005",
}


@article{Fruhwirth:1987fm,
      author         = "Fruhwirth, R.",
      title          = "{Application of Kalman filtering to track and vertex
                        fitting}",
      journal        = "Nucl.Instrum.Meth.",
      volume         = "A262",
      pages          = "444-450",
      doi            = "10.1016/0168-9002(87)90887-4",
      year           = "1987",
      reportNumber   = "HEPHY-PUB-87-503",
      SLACcitation   = "%%CITATION = NUIMA,A262,444;%%",
}




@article{Cacciari:2008gp,
      author         = "Cacciari, Matteo and Salam, Gavin P. and Soyez, Gregory",
      title          = "{The Anti-k(t) jet clustering algorithm}",
      journal        = "JHEP",
      volume         = "0804",
      pages          = "063",
      doi            = "10.1088/1126-6708/2008/04/063",
      year           = "2008",
      eprint         = "0802.1189",
      archivePrefix  = "arXiv",
      primaryClass   = "hep-ph",
      reportNumber   = "LPTHE-07-03",
      SLACcitation   = "%%CITATION = ARXIV:0802.1189;%%",
}

@book{CMS:2008oxa,
      key            = "925380",
      title          = "{Plans for Jet Energy Corrections at CMS}",
      collaboration  = "CMS Collaboration",
      year           = "2008",
      reportNumber   = "CMS-PAS-JME-07-002",
      SLACcitation   = "%%CITATION = CMS-PAS-JME-07-002 ETC.;%%",
}

@article{Chatrchyan:2011ds,
      author         = "Chatrchyan, Serguei and others",
      title          = "{Determination of Jet Energy Calibration and Transverse
                        Momentum Resolution in CMS}",
      collaboration  = "CMS Collaboration",
      journal        = "JINST",
      volume         = "6",
      pages          = "P11002",
      doi            = "10.1088/1748-0221/6/11/P11002",
      year           = "2011",
      eprint         = "1107.4277",
      archivePrefix  = "arXiv",
      primaryClass   = "physics.ins-det",
      reportNumber   = "CERN-PH-EP-2011-102, CMS-JME-10-011",
      SLACcitation   = "%%CITATION = ARXIV:1107.4277;%%",
}

@book{Weiser:2006md,
      author         = "Weiser, C.",
      title          = "{A combined secondary vertex based B-tagging algorithm in
                        CMS}",
      year           = "2006",
      reportNumber   = "CERN-CMS-NOTE-2006-014",
      SLACcitation   = "%%CITATION = CERN-CMS-NOTE-2006-014 ETC.;%%",
}

@article{Chatrchyan:2012jua,
      author         = "Chatrchyan, Serguei and others",
      title          = "{Identification of b-quark jets with the CMS experiment}",
      collaboration  = "CMS Collaboration",
      journal        = "JINST",
      volume         = "8",
      pages          = "P04013",
      doi            = "10.1088/1748-0221/8/04/P04013",
      year           = "2013",
      eprint         = "1211.4462",
      archivePrefix  = "arXiv",
      primaryClass   = "hep-ex",
      reportNumber   = "CMS-BTV-12-001, CERN-PH-EP-2012-262",
      SLACcitation   = "%%CITATION = ARXIV:1211.4462;%%",
}

@article{Galtieri:2011yd,
      author         = "Galtieri, Angela Barbaro and Margaroli, Fabrizio and
                        Volobouev, Igor",
      title          = "{Precision measurements of the top quark mass from the
                        Tevatron in the pre-LHC era}",
      journal        = "Rept.Prog.Phys.",
      volume         = "75",
      pages          = "056201",
      doi            = "10.1088/0034-4885/75/5/056201",
      year           = "2012",
      eprint         = "1109.2163",
      archivePrefix  = "arXiv",
      primaryClass   = "hep-ex",
      reportNumber   = "FERMILAB-PUB-11-458",
      SLACcitation   = "%%CITATION = ARXIV:1109.2163;%%",
}

@article{Chatrchyan:2011tn,
      author         = "Chatrchyan, Serguei and others",
      title          = "{Missing transverse energy performance of the CMS
                        detector}",
      collaboration  = "CMS Collaboration",
      journal        = "JINST",
      volume         = "6",
      pages          = "P09001",
      doi            = "10.1088/1748-0221/6/09/P09001",
      year           = "2011",
      eprint         = "1106.5048",
      archivePrefix  = "arXiv",
      primaryClass   = "physics.ins-det",
      reportNumber   = "CERN-PH-EP-2011-051, CMS-JME-10-009",
      SLACcitation   = "%%CITATION = ARXIV:1106.5048;%%",
}

@MastersThesis{gonzalez,
      author         = "D. Gonzalez",
      title          = "{Suche nach ttbar-Resonanzen mit dem CMS-Detektor}",
    	  school         = {University of Hamburg},
      address        = {Germany},
      year           = {2013},
}

@article{Plehn:2011tg,
      author         = "Plehn, Tilman and Spannowsky, Michael",
      title          = "{Top Tagging}",
      journal        = "J.Phys.",
      volume         = "G39",
      pages          = "083001",
      doi            = "10.1088/0954-3899/39/8/083001",
      year           = "2012",
      eprint         = "1112.4441",
      archivePrefix  = "arXiv",
      primaryClass   = "hep-ph",
      SLACcitation   = "%%CITATION = ARXIV:1112.4441;%%",
}

@article{Kaplan:2008ie,
      author         = "Kaplan, David E. and Rehermann, Keith and Schwartz,
                        Matthew D. and Tweedie, Brock",
      title          = "{Top Tagging: A Method for Identifying Boosted
                        Hadronically Decaying Top Quarks}",
      journal        = "Phys.Rev.Lett.",
      volume         = "101",
      pages          = "142001",
      doi            = "10.1103/PhysRevLett.101.142001",
      year           = "2008",
      eprint         = "0806.0848",
      archivePrefix  = "arXiv",
      primaryClass   = "hep-ph",
      SLACcitation   = "%%CITATION = ARXIV:0806.0848;%%",
}




@techreport{CMS-PAS-JME-09-001,
      title         = "{A Cambridge-Aachen (C-A) based Jet Algorithm for boosted
                       top-jet tagging}",
      institution   = "CERN",
      collaboration = "CMS Collaboration",
      address       = "2009. Geneva",
      number        = "CMS-PAS-JME-09-001",
      month         = "Jul",
      year          = "2009",
}




@article{CMS-AN-14-035,
      title         = "{Search for ttbar resonances in boosted semileptonic final states}",
      institution   = "CERN",
      collaboration = "CMS Collaboration",
      year        = "2014",
      journal        = "CMS-AN-14-035",
}




@article{Oleari:2010nx,
      author         = "Oleari, Carlo",
      title          = "{The POWHEG-BOX}",
      journal        = "Nucl.Phys.Proc.Suppl.",
      volume         = "205-206",
      pages          = "36-41",
      doi            = "10.1016/j.nuclphysbps.2010.08.016",
      year           = "2010",
      eprint         = "1007.3893",
      archivePrefix  = "arXiv",
      primaryClass   = "hep-ph",
      SLACcitation   = "%%CITATION = ARXIV:1007.3893;%%",
}

@article{Alwall:2011uj,
      author         = "Alwall, Johan and Herquet, Michel and Maltoni, Fabio and
                        Mattelaer, Olivier and Stelzer, Tim",
      title          = "{MadGraph 5 : Going Beyond}",
      journal        = "JHEP",
      volume         = "1106",
      pages          = "128",
      doi            = "10.1007/JHEP06(2011)128",
      year           = "2011",
      eprint         = "1106.0522",
      archivePrefix  = "arXiv",
      primaryClass   = "hep-ph",
      reportNumber   = "FERMILAB-PUB-11-448-T",
      SLACcitation   = "%%CITATION = ARXIV:1106.0522;%%",
}

@article{Dobbs:2004qw,
      author         = "Dobbs, M.A. and Frixione, S. and Laenen, Eric and
                        Tollefson, K. and Baer, H. and others",
      title          = "{Les Houches guidebook to Monte Carlo generators for
                        hadron collider physics}",
      pages          = "411-459",
      year           = "2004",
      eprint         = "hep-ph/0403045",
      archivePrefix  = "arXiv",
      primaryClass   = "hep-ph",
      reportNumber   = "FERMILAB-CONF-04-183-T",
      SLACcitation   = "%%CITATION = HEP-PH/0403045;%%",
}

@article{Altarelli:1977zs,
      author         = "Altarelli, Guido and Parisi, G.",
      title          = "{Asymptotic Freedom in Parton Language}",
      journal        = "Nucl.Phys.",
      volume         = "B126",
      pages          = "298",
      doi            = "10.1016/0550-3213(77)90384-4",
      year           = "1977",
      reportNumber   = "LPTENS-77-6",
      SLACcitation   = "%%CITATION = NUPHA,B126,298;%%",
}

@article{Agostinelli:2002hh,
      author         = "Agostinelli, S. and others",
      title          = "{GEANT4: A Simulation toolkit}",
      collaboration  = "GEANT4",
      journal        = "Nucl.Instrum.Meth.",
      volume         = "A506",
      pages          = "250-303",
      doi            = "10.1016/S0168-9002(03)01368-8",
      year           = "2003",
      reportNumber   = "SLAC-PUB-9350, FERMILAB-PUB-03-339",
      SLACcitation   = "%%CITATION = NUIMA,A506,250;%%",
}



@article{Sjostrand:2006za,
      author         = "Sjostrand, Torbjorn and Mrenna, Stephen and Skands, Peter
                        Z.",
      title          = "{PYTHIA 6.4 Physics and Manual}",
      journal        = "JHEP",
      volume         = "0605",
      pages          = "026",
      doi            = "10.1088/1126-6708/2006/05/026",
      year           = "2006",
      eprint         = "hep-ph/0603175",
      archivePrefix  = "arXiv",
      primaryClass   = "hep-ph",
      reportNumber   = "FERMILAB-PUB-06-052-CD-T, LU-TP-06-13",
      SLACcitation   = "%%CITATION = HEP-PH/0603175;%%",
}



@article{2013lca,
      author         = "Chatrchyan, Serguei and others",
      title          = "{Searches for new physics using the $t\bar{t}$ invariant
                        mass distribution in pp collisions at
                        $\sqrt{s}$=8TeV}",
      collaboration  = "CMS Collaboration",
      journal        = "Phys.Rev.Lett.",
      volume         = "111",
      pages          = "211804",
      doi            = "10.1103/PhysRevLett.111.211804",
      year           = "2013",
      eprint         = "1309.2030",
      archivePrefix  = "arXiv",
      primaryClass   = "hep-ex",
      reportNumber   = "CMS-B2G-13-001, CERN-PH-EP-2013-162",
      SLACcitation   = "%%CITATION = ARXIV:1309.2030;%%",
}









@article{Chatrchyan:2013xna,
      author         = "Chatrchyan, Serguei and others",
      title          = "{Search for top-squark pair production in the
                        single-lepton final state in pp collisions at $\sqrt{s}$ =
                        8 TeV}",
      collaboration  = "CMS Collaboration",
      journal        = "Eur.Phys.J.",
      volume         = "C73",
      pages          = "2677",
      doi            = "10.1140/epjc/s10052-013-2677-2",
      year           = "2013",
      eprint         = "1308.1586",
      archivePrefix  = "arXiv",
      primaryClass   = "hep-ex",
      reportNumber   = "CMS-SUS-13-011, CERN-PH-EP-2013-148",
      SLACcitation   = "%%CITATION = ARXIV:1308.1586;%%",
}











@techreport{Agostini:1297612,
      author        = "D'Agostini, G",
      title         = "{Improved iterative Bayesian unfolding}",
      number        = "arXiv:1010.0632",
      month         = "Oct",
      year          = "2010",
}

@article{Schmitt:2012kp,
      author         = "Schmitt, Stefan",
      title          = "{TUnfold: an algorithm for correcting migration effects
                        in high energy physics}",
      journal        = "JINST",
      volume         = "7",
      pages          = "T10003",
      doi            = "10.1088/1748-0221/7/10/T10003",
      year           = "2012",
      eprint         = "1205.6201",
      archivePrefix  = "arXiv",
      primaryClass   = "physics.data-an",
      reportNumber   = "DESY-12-129",
      SLACcitation   = "%%CITATION = ARXIV:1205.6201;%%",
}

@article{Hocker:1995kb,
      author         = "Hocker, Andreas and Kartvelishvili, Vakhtang",
      title          = "{SVD approach to data unfolding}",
      journal        = "Nucl.Instrum.Meth.",
      volume         = "A372",
      pages          = "469-481",
      doi            = "10.1016/0168-9002(95)01478-0",
      year           = "1996",
      eprint         = "hep-ph/9509307",
      archivePrefix  = "arXiv",
      primaryClass   = "hep-ph",
      reportNumber   = "M-C-TH-95-15, LAL-95-55",
      SLACcitation   = "%%CITATION = HEP-PH/9509307;%%",
}

@MISC{tsvdpackage,
      author         = "K. Tackmann and A. Hoecker and H. Lacker",
      title          = "{TSVDUnfold Software Package}",
    	  note           = "\url{http://root.cern.ch/root/html/TSVDUnfold.html}",  
}

@MISC{blobel_unfolding,
      author         = "V. Blobel",
      title          = "{Unfolding - Linear Inverse Problmes}",
    	  note           = "\url{https://www.wiki.terascale.de/images/a/a8/Blobel_Unfold_Note_20100524.pdf}",  
}

@MISC{crosssectionseighttev,
	  note  			 = "\url{https://twiki.cern.ch/twiki/bin/viewauth/CMS/StandardModelCrossSectionsat8TeV}",
}



@article{CMS:2013gfa,
      author         = "CMS Collaboration",
      title          = "{CMS Luminosity Based on Pixel Cluster Counting - Summer
                        2013 Update}",
      collaboration  = "CMS Collaboration",
      year           = "2013",
      journal   = "CMS-PAS-LUM-13-001",
      SLACcitation   = "%%CITATION = CMS-PAS-LUM-13-001 ETC.;%%",
}


@techreport{CMS-PAS-SMP-12-008,
      title         = "{Absolute Calibration of the Luminosity Measurement at
                       CMS: Winter 2012 Update}",
      institution   = "CERN",
      collaboration = "CMS Collaboration",
      address       = "Geneva",
      number        = "CMS-PAS-SMP-12-008",
      year          = "2012",
}


@MISC{cite_lep_unc,
      author         = "CMS-Muon-POG",
      title          = "{Reference muon id and isolation efficiencies}",
    	  note           = "\url{https://twiki.cern.ch/twiki/bin/viewauth/CMS/MuonReferenceEffs}",  
}

@MISC{cite_btag_unc,
      author         = "CMS-btag-POG",
      title          = "{b Tag Vertexing Physics Object Group twiki}",
    	  note           = "\url{https://twiki.cern.ch/twiki/bin/viewauth/CMS/BtagPOG#2012 Data and MC Moriond13 presc}",  
}


@article{Antchev:2011vs,
      author         = "Antchev, G. and Aspell, P. and Atanassov, I. and Avati,
                        V. and Baechler, J. and others",
      title          = "{First measurement of the total proton-proton cross
                        section at the LHC energy of $\sqrt{s}$ =7 TeV}",
      journal        = "Europhys.Lett.",
      volume         = "96",
      pages          = "21002",
      doi            = "10.1209/0295-5075/96/21002",
      year           = "2011",
      eprint         = "1110.1395",
      archivePrefix  = "arXiv",
      primaryClass   = "hep-ex",
      reportNumber   = "CERN-PH-EP-2011-158",
      SLACcitation   = "%%CITATION = ARXIV:1110.1395;%%",
}



@MISC{tunfoldpackage,
      author         = "S. Schmitt",
      title          = "{The TUnfold package: user manual}",
    	  note           = "\url{http://www.desy.de/~sschmitt/TUnfold/tunfold_manual_v17.3.pdf}",  
}





@article{Harris:2011ez,
      author         = "Harris, Robert M. and Jain, Supriya",
      title          = "{Cross Sections for Leptophobic Topcolor Z' Decaying to
                        Top-Antitop}",
      journal        = "Eur.Phys.J.",
      volume         = "C72",
      pages          = "2072",
      doi            = "10.1140/epjc/s10052-012-2072-4",
      year           = "2012",
      eprint         = "1112.4928",
      archivePrefix  = "arXiv",
      primaryClass   = "hep-ph",
      reportNumber   = "FERMILAB-FN-0940-CMS-PPD",
      SLACcitation   = "%%CITATION = ARXIV:1112.4928;%%",
}
